@Article{Palladino2018,
  author  = {{Palladino, Andrea} and {Winter, Walter}},
  journal = {Astronomy & Astrophysics},
  title   = {A multi-component model for observed astrophysical neutrinos},
  year    = {2018},
  pages   = {A168},
  volume  = {615},
  doi     = {10.1051/0004-6361/201832731},
}

@Article{Aartsen2017,
  author    = {M.G. Aartsen and M. Ackermann and J. Adams and J.A. Aguilar and M. Ahlers and M. Ahrens and D. Altmann and K. Andeen and T. Anderson and I. Ansseau and G. Anton and M. Archinger and C. Argüelles and R. Auer and J. Auffenberg and S. Axani and J. Baccus and X. Bai and S. Barnet and S.W. Barwick and V. Baum and R. Bay and K. Beattie and J.J. Beatty and J. Becker Tjus and K.-H. Becker and T. Bendfelt and S. BenZvi and D. Berley and E. Bernardini and A. Bernhard and D.Z. Besson and G. Binder and D. Bindig and M. Bissok and E. Blaufuss and S. Blot and D. Boersma and C. Bohm and M. Börner and F. Bos and D. Bose and S. Böser and O. Botner and A. Bouchta and J. Braun and L. Brayeur and H.-P. Bretz and S. Bron and A. Burgman and C. Burreson and T. Carver and M. Casier and E. Cheung and D. Chirkin and A. Christov and K. Clark and L. Classen and S. Coenders and G.H. Collin and J.M. Conrad and D.F. Cowen and R. Cross and C. Day and M. Day and J.P.A.M. de Andr{\'{e}} and C. De Clercq and E. del Pino Rosendo and H. Dembinski and S. De Ridder and F. Descamps and P. Desiati and K.D. de Vries and G. de Wasseige and M. de With and T. DeYoung and J.C. D{\'{\i}}az-V{\'{e}}lez and V. di Lorenzo and H. Dujmovic and J.P. Dumm and M. Dunkman and B. Eberhardt and W.R. Edwards and T. Ehrhardt and B. Eichmann and P. Eller and S. Euler and P.A. Evenson and S. Fahey and A.R. Fazely and J. Feintzeig and J. Felde and K. Filimonov and C. Finley and S. Flis and C.-C. Fösig and A. Franckowiak and M. Fr{\`{e}}re and E. Friedman and T. Fuchs and T.K. Gaisser and J. Gallagher and L. Gerhardt and K. Ghorbani and W. Giang and L. Gladstone and T. Glauch and D. Glowacki and T. Glüsenkamp and A. Goldschmidt and J.G. Gonzalez and D. Grant and Z. Griffith and L. Gustafsson and C. Haack and A. Hallgren and F. Halzen and E. Hansen and T. Hansmann and K. Hanson and J. Haugen and D. Hebecker and D. Heereman and K. Helbing and R. Hellauer and R. Heller and S. Hickford and J. Hignight and G.C. Hill and K.D. Hoffman and R. Hoffmann and K. Hoshina and F. Huang and M. Huber and P.O. Hulth and K. Hultqvist and S. In and M. Inaba and A. Ishihara and E. Jacobi and J. Jacobsen and G.S. Japaridze and M. Jeong and K. Jero and A. Jones and B.J.P. Jones and J. Joseph and W. Kang and A. Kappes and T. Karg and A. Karle and U. Katz and M. Kauer and A. Keivani and J.L. Kelley and J. Kemp and A. Kheirandish and J. Kim and M. Kim and T. Kintscher and J. Kiryluk and N. Kitamura and T. Kittler and S.R. Klein and S. Kleinfelder and M. Kleist and G. Kohnen and R. Koirala and H. Kolanoski and R. Konietz and L. Köpke and C. Kopper and S. Kopper and D.J. Koskinen and M. Kowalski and M. Krasberg and K. Krings and M. Kroll and G. Krückl and C. Krüger and J. Kunnen and S. Kunwar and N. Kurahashi and T. Kuwabara and M. Labare and K. Laihem and H. Landsman and J.L. Lanfranchi and M.J. Larson and F. Lauber and A. Laundrie and D. Lennarz and H. Leich and M. Lesiak-Bzdak and M. Leuermann and L. Lu and J. Ludwig and J. Lünemann and C. Mackenzie and J. Madsen and G. Maggi and K.B.M. Mahn and S. Mancina and M. Mandelartz and R. Maruyama and K. Mase and H. Matis and R. Maunu and F. McNally and C.P. McParland and P. Meade and K. Meagher and M. Medici and M. Meier and A. Meli and T. Menne and G. Merino and T. Meures and S. Miarecki and R.H. Minor and T. Montaruli and M. Moulai and T. Murray and R. Nahnhauer and U. Naumann and G. Neer and M. Newcomb and H. Niederhausen and S.C. Nowicki and D.R. Nygren and A. Obertacke Pollmann and A. Olivas and A. O{\textquotesingle}Murchadha and T. Palczewski and H. Pandya and D.V. Pankova and S. Patton and P. Peiffer and Ö. Penek and J.A. Pepper and C. P{\'{e}}rez de los Heros and C. Pettersen and D. Pieloth and E. Pinat and P.B. Price and G.T. Przybylski and M. Quinnan and C. Raab and L. Rädel and M. Rameez and K. Rawlins and R. Reimann and B. Relethford and M. Relich and E. Resconi and W. Rhode and M. Richman and B. Riedel and S. Robertson and M. Rongen and C. Roucelle and C. Rott and T. Ruhe and D. Ryckbosch and D. Rysewyk and L. Sabbatini and S.E. Sanchez Herrera and A. Sandrock and J. Sandroos and P. Sandstrom and S. Sarkar and K. Satalecka and P. Schlunder and T. Schmidt and S. Schoenen and S. Schöneberg and A. Schukraft and L. Schumacher and D. Seckel and S. Seunarine and M. Solarz and D. Soldin and M. Song and G.M. Spiczak and C. Spiering and T. Stanev and A. Stasik and J. Stettner and A. Steuer and T. Stezelberger and R.G. Stokstad and A. Stö{\ss}l and R. Ström and N.L. Strotjohann and K.-H. Sulanke and G.W. Sullivan and M. Sutherland and H. Taavola and I. Taboada and J. Tatar and F. Tenholt and S. Ter-Antonyan and A. Terliuk and G. Te{\v{s}}i{\'{c}} and L. Thollander and S. Tilav and P.A. Toale and M.N. Tobin and S. Toscano and D. Tosi and M. Tselengidou and A. Turcati and E. Unger and M. Usner and J. Vandenbroucke and N. van Eijndhoven and S. Vanheule and M. van Rossem and J. van Santen and M. Vehring and M. Voge and E. Vogel and M. Vraeghe and D. Wahl and C. Walck and A. Wallace and M. Wallraff and N. Wandkowsky and Ch. Weaver and M.J. Weiss and C. Wendt and S. Westerhoff and D. Wharton and B.J. Whelan and S. Wickmann and K. Wiebe and C.H. Wiebusch and L. Wille and D.R. Williams and L. Wills and P. Wisniewski and M. Wolf and T.R. Wood and E. Woolsey and K. Woschnagg and D.L. Xu and X.W. Xu and Y. Xu and J.P. Yanez and G. Yodh and S. Yoshida and M. Zoll},
  journal   = {Journal of Instrumentation},
  title     = {The {IceCube} Neutrino Observatory: instrumentation and online systems},
  year      = {2017},
  month     = {mar},
  number    = {03},
  pages     = {P03012--P03012},
  volume    = {12},
  doi       = {10.1088/1748-0221/12/03/p03012},
  publisher = {{IOP} Publishing},
}

@Article{Aartsen2015,
  author    = {M.{\hspace{0.167em}}G. Aartsen and K. Abraham and M. Ackermann and J. Adams and J.{\hspace{0.167em}}A. Aguilar and M. Ahlers and M. Ahrens and D. Altmann and T. Anderson and M. Archinger and C. Arguelles and T.{\hspace{0.167em}}C. Arlen and J. Auffenberg and X. Bai and S.{\hspace{0.167em}}W. Barwick and V. Baum and R. Bay and J.{\hspace{0.167em}}J. Beatty and J. Becker Tjus and K.-H. Becker and E. Beiser and S. BenZvi and P. Berghaus and D. Berley and E. Bernardini and A. Bernhard and D.{\hspace{0.167em}}Z. Besson and G. Binder and D. Bindig and M. Bissok and E. Blaufuss and J. Blumenthal and D.{\hspace{0.167em}}J. Boersma and C. Bohm and M. Börner and F. Bos and D. Bose and S. Böser and O. Botner and J. Braun and L. Brayeur and H.-P. Bretz and A.{\hspace{0.167em}}M. Brown and N. Buzinsky and J. Casey and M. Casier and E. Cheung and D. Chirkin and A. Christov and B. Christy and K. Clark and L. Classen and S. Coenders and D.{\hspace{0.167em}}F. Cowen and A.{\hspace{0.167em}}H. Cruz Silva and J. Daughhetee and J.{\hspace{0.167em}}C. Davis and M. Day and J.{\hspace{0.167em}}P.{\hspace{0.167em}}A.{\hspace{0.167em}}M. de Andr{\'{e}} and C. De Clercq and H. Dembinski and S. De Ridder and P. Desiati and K.{\hspace{0.167em}}D. de Vries and G. de Wasseige and M. de With and T. DeYoung and J.{\hspace{0.167em}}C. D{\'{\i}}az-V{\'{e}}lez and J.{\hspace{0.167em}}P. Dumm and M. Dunkman and R. Eagan and B. Eberhardt and T. Ehrhardt and B. Eichmann and S. Euler and P.{\hspace{0.167em}}A. Evenson and O. Fadiran and S. Fahey and A.{\hspace{0.167em}}R. Fazely and A. Fedynitch and J. Feintzeig and J. Felde and K. Filimonov and C. Finley and T. Fischer-Wasels and S. Flis and T. Fuchs and M. Glagla and T.{\hspace{0.167em}}K. Gaisser and R. Gaior and J. Gallagher and L. Gerhardt and K. Ghorbani and D. Gier and L. Gladstone and T. Glüsenkamp and A. Goldschmidt and G. Golup and J.{\hspace{0.167em}}G. Gonzalez and J.{\hspace{0.167em}}A. Goodman and D. G{\'{o}}ra and D. Grant and P. Gretskov and J.{\hspace{0.167em}}C. Groh and A. Gro{\ss} and C. Ha and C. Haack and A. Haj Ismail and A. Hallgren and F. Halzen and B. Hansmann and K. Hanson and D. Hebecker and D. Heereman and K. Helbing and R. Hellauer and D. Hellwig and S. Hickford and J. Hignight and G.{\hspace{0.167em}}C. Hill and K.{\hspace{0.167em}}D. Hoffman and R. Hoffmann and K. Holzapfe and A. Homeier and K. Hoshina and F. Huang and M. Huber and W. Huelsnitz and P.{\hspace{0.167em}}O. Hulth and K. Hultqvist and S. In and A. Ishihara and E. Jacobi and G.{\hspace{0.167em}}S. Japaridze and K. Jero and M. Jurkovic and B. Kaminsky and A. Kappes and T. Karg and A. Karle and M. Kauer and A. Keivani and J.{\hspace{0.167em}}L. Kelley and J. Kemp and A. Kheirandish and J. Kiryluk and J. Kläs and S.{\hspace{0.167em}}R. Klein and G. Kohnen and H. Kolanoski and R. Konietz and A. Koob and L. Köpke and C. Kopper and S. Kopper and D.{\hspace{0.167em}}J. Koskinen and M. Kowalski and K. Krings and G. Kroll and M. Kroll and J. Kunnen and N. Kurahashi and T. Kuwabara and M. Labare and J.{\hspace{0.167em}}L. Lanfranchi and M.{\hspace{0.167em}}J. Larson and M. Lesiak-Bzdak and M. Leuermann and J. Leuner and J. Lünemann and J. Madsen and G. Maggi and K.{\hspace{0.167em}}B.{\hspace{0.167em}}M. Mahn and R. Maruyama and K. Mase and H.{\hspace{0.167em}}S. Matis and R. Maunu and F. McNally and K. Meagher and M. Medici and A. Meli and T. Menne and G. Merino and T. Meures and S. Miarecki and E. Middell and E. Middlemas and J. Miller and L. Mohrmann and T. Montaruli and R. Morse and R. Nahnhauer and U. Naumann and H. Niederhausen and S.{\hspace{0.167em}}C. Nowicki and D.{\hspace{0.167em}}R. Nygren and A. Obertacke and A. Olivas and A. Omairat and A. O'Murchadha and T. Palczewski and L. Paul and J.{\hspace{0.167em}}A. Pepper and C. P{\'{e}}rez de los Heros and C. Pfendner and D. Pieloth and E. Pinat and J. Posselt and P.{\hspace{0.167em}}B. Price and G.{\hspace{0.167em}}T. Przybylski and J. Pütz and M. Quinnan and L. Rädel and M. Rameez and K. Rawlins and P. Redl and R. Reimann and M. Relich and E. Resconi and W. Rhode and M. Richman and S. Richter and B. Riedel and S. Robertson and M. Rongen and C. Rott and T. Ruhe and B. Ruzybayev and D. Ryckbosch and S.{\hspace{0.167em}}M. Saba and L. Sabbatini and H.-G. Sander and A. Sandrock and J. Sandroos and S. Sarkar and K. Schatto and F. Scheriau and M. Schimp and T. Schmidt and M. Schmitz and S. Schoenen and S. Schöneberg and A. Schönwald and A. Schukraft and L. Schulte and D. Seckel and S. Seunarine and R. Shanidze and M.{\hspace{0.167em}}W.{\hspace{0.167em}}E. Smith and D. Soldin and G.{\hspace{0.167em}}M. Spiczak and C. Spiering and M. Stahlberg and M. Stamatikos and T. Stanev and N.{\hspace{0.167em}}A. Stanisha and A. Stasik and T. Stezelberger and R.{\hspace{0.167em}}G. Stokstad and A. Stö{\ss}l and E.{\hspace{0.167em}}A. Strahler and R. Ström and N.{\hspace{0.167em}}L. Strotjohann and G.{\hspace{0.167em}}W. Sullivan and M. Sutherland and H. Taavola and I. Taboada and S. Ter-Antonyan and A. Terliuk and G. Te{\v{s}}i{\'{c}} and S. Tilav and P.{\hspace{0.167em}}A. Toale and M.{\hspace{0.167em}}N. Tobin and D. Tosi and M. Tselengidou and E. Unger and M. Usner and S. Vallecorsa and N. van Eijndhoven and J. Vandenbroucke and J. van Santen and S. Vanheule and J. Veenkamp and M. Vehring and M. Voge and M. Vraeghe and C. Walck and M. Wallraff and N. Wandkowsky and C. Weaver and C. Wendt and S. Westerhoff and B.{\hspace{0.167em}}J. Whelan and N. Whitehorn and C. Wichary and K. Wiebe and C.{\hspace{0.167em}}H. Wiebusch and L. Wille and D.{\hspace{0.167em}}R. Williams and H. Wissing and M. Wolf and T.{\hspace{0.167em}}R. Wood and K. Woschnagg and D.{\hspace{0.167em}}L. Xu and X.{\hspace{0.167em}}W. Xu and Y. Xu and J.{\hspace{0.167em}}P. Yanez and G. Yodh and S. Yoshida and P. Zarzhitsky and M. Zoll and},
  journal   = {Physical Review Letters},
  title     = {Evidence for Astrophysical Muon Neutrinos from the Northern Sky with {IceCube}},
  year      = {2015},
  month     = {aug},
  number    = {8},
  pages     = {081102},
  volume    = {115},
  doi       = {10.1103/physrevlett.115.081102},
  publisher = {American Physical Society ({APS})},
}

@Article{Aartsen2014,
  author    = {M.{\hspace{0.167em}}G. Aartsen and M. Ackermann and J. Adams and J.{\hspace{0.167em}}A. Aguilar and M. Ahlers and M. Ahrens and D. Altmann and T. Anderson and C. Arguelles and T.{\hspace{0.167em}}C. Arlen and J. Auffenberg and X. Bai and S.{\hspace{0.167em}}W. Barwick and V. Baum and J.{\hspace{0.167em}}J. Beatty and J. Becker Tjus and K.-H. Becker and S. BenZvi and P. Berghaus and D. Berley and E. Bernardini and A. Bernhard and D.{\hspace{0.167em}}Z. Besson and G. Binder and D. Bindig and M. Bissok and E. Blaufuss and J. Blumenthal and D.{\hspace{0.167em}}J. Boersma and C. Bohm and D. Bose and S. Böser and O. Botner and L. Brayeur and H.-P. Bretz and A.{\hspace{0.167em}}M. Brown and J. Casey and M. Casier and D. Chirkin and A. Christov and B. Christy and K. Clark and L. Classen and F. Clevermann and S. Coenders and D.{\hspace{0.167em}}F. Cowen and A.{\hspace{0.167em}}H. Cruz Silva and M. Danninger and J. Daughhetee and J.{\hspace{0.167em}}C. Davis and M. Day and J.{\hspace{0.167em}}P.{\hspace{0.167em}}A.{\hspace{0.167em}}M. de Andr{\'{e}} and C. De Clercq and S. De Ridder and P. Desiati and K.{\hspace{0.167em}}D. de Vries and M. de With and T. DeYoung and J.{\hspace{0.167em}}C. D{\'{\i}}az-V{\'{e}}lez and M. Dunkman and R. Eagan and B. Eberhardt and B. Eichmann and J. Eisch and S. Euler and P.{\hspace{0.167em}}A. Evenson and O. Fadiran and A.{\hspace{0.167em}}R. Fazely and A. Fedynitch and J. Feintzeig and J. Felde and T. Feusels and K. Filimonov and C. Finley and T. Fischer-Wasels and S. Flis and A. Franckowiak and K. Frantzen and T. Fuchs and T.{\hspace{0.167em}}K. Gaisser and J. Gallagher and L. Gerhardt and D. Gier and L. Gladstone and T. Glüsenkamp and A. Goldschmidt and G. Golup and J.{\hspace{0.167em}}G. Gonzalez and J.{\hspace{0.167em}}A. Goodman and D. G{\'{o}}ra and D.{\hspace{0.167em}}T. Grandmont and D. Grant and P. Gretskov and J.{\hspace{0.167em}}C. Groh and A. Gro{\ss} and C. Ha and C. Haack and A. Haj Ismail and P. Hallen and A. Hallgren and F. Halzen and K. Hanson and D. Hebecker and D. Heereman and D. Heinen and K. Helbing and R. Hellauer and D. Hellwig and S. Hickford and G.{\hspace{0.167em}}C. Hill and K.{\hspace{0.167em}}D. Hoffman and R. Hoffmann and A. Homeier and K. Hoshina and F. Huang and W. Huelsnitz and P.{\hspace{0.167em}}O. Hulth and K. Hultqvist and S. Hussain and A. Ishihara and E. Jacobi and J. Jacobsen and K. Jagielski and G.{\hspace{0.167em}}S. Japaridze and K. Jero and O. Jlelati and M. Jurkovic and B. Kaminsky and A. Kappes and T. Karg and A. Karle and M. Kauer and J.{\hspace{0.167em}}L. Kelley and A. Kheirandish and J. Kiryluk and J. Kläs and S.{\hspace{0.167em}}R. Klein and J.-H. Köhne and G. Kohnen and H. Kolanoski and A. Koob and L. Köpke and C. Kopper and S. Kopper and D.{\hspace{0.167em}}J. Koskinen and M. Kowalski and A. Kriesten and K. Krings and G. Kroll and J. Kunnen and N. Kurahashi and T. Kuwabara and M. Labare and D.{\hspace{0.167em}}T. Larsen and M.{\hspace{0.167em}}J. Larson and M. Lesiak-Bzdak and M. Leuermann and J. Leute and J. Lünemann and O. Mac{\'{\i}}as and J. Madsen and G. Maggi and R. Maruyama and K. Mase and H.{\hspace{0.167em}}S. Matis and F. McNally and K. Meagher and A. Meli and T. Meures and S. Miarecki and E. Middell and E. Middlemas and N. Milke and J. Miller and L. Mohrmann and T. Montaruli and R. Morse and R. Nahnhauer and U. Naumann and H. Niederhausen and S.{\hspace{0.167em}}C. Nowicki and D.{\hspace{0.167em}}R. Nygren and A. Obertacke and S. Odrowski and A. Olivas and A. Omairat and A. O'Murchadha and T. Palczewski and L. Paul and Ö. Penek and J.{\hspace{0.167em}}A. Pepper and C. P{\'{e}}rez de los Heros and C. Pfendner and D. Pieloth and E. Pinat and J. Posselt and P.{\hspace{0.167em}}B. Price and G.{\hspace{0.167em}}T. Przybylski and J. Pütz and M. Quinnan and L. Rädel and M. Rameez and K. Rawlins and P. Redl and I. Rees and R. Reimann and E. Resconi and W. Rhode and M. Richman and B. Riedel and S. Robertson and J.{\hspace{0.167em}}P. Rodrigues and M. Rongen and C. Rott and T. Ruhe and B. Ruzybayev and D. Ryckbosch and S.{\hspace{0.167em}}M. Saba and H.-G. Sander and M. Santander and S. Sarkar and K. Schatto and F. Scheriau and T. Schmidt and M. Schmitz and S. Schoenen and S. Schöneberg and A. Schönwald and A. Schukraft and L. Schulte and O. Schulz and D. Seckel and Y. Sestayo and S. Seunarine and R. Shanidze and C. Sheremata and M. W. E. Smith and D. Soldin and G.{\hspace{0.167em}}M. Spiczak and C. Spiering and M. Stamatikos and T. Stanev and N.{\hspace{0.167em}}A. Stanisha and A. Stasik and T. Stezelberger and R.{\hspace{0.167em}}G. Stokstad and A. Stö{\ss}l and E.{\hspace{0.167em}}A. Strahler and R. Ström and N.{\hspace{0.167em}}L. Strotjohann and G.{\hspace{0.167em}}W. Sullivan and H. Taavola and I. Taboada and A. Tamburro and A. Tepe and S. Ter-Antonyan and A. Terliuk and G. Te{\v{s}}i{\'{c}} and S. Tilav and P.{\hspace{0.167em}}A. Toale and M.{\hspace{0.167em}}N. Tobin and D. Tosi and M. Tselengidou and E. Unger and M. Usner and S. Vallecorsa and N. van Eijndhoven and J. Vandenbroucke and J. van Santen and M. Vehring and M. Voge and M. Vraeghe and C. Walck and M. Wallraff and Ch. Weaver and M. Wellons and C. Wendt and S. Westerhoff and B.{\hspace{0.167em}}J. Whelan and N. Whitehorn and C. Wichary and K. Wiebe and C.{\hspace{0.167em}}H. Wiebusch and D.{\hspace{0.167em}}R. Williams and H. Wissing and M. Wolf and T.{\hspace{0.167em}}R. Wood and K. Woschnagg and D.{\hspace{0.167em}}L. Xu and X.{\hspace{0.167em}}W. Xu and J.{\hspace{0.167em}}P. Yanez and G. Yodh and S. Yoshida and P. Zarzhitsky and J. Ziemann and S. Zierke and M. Zoll and},
  journal   = {Physical Review Letters},
  title     = {Observation of High-Energy Astrophysical Neutrinos in Three Years of {IceCube} Data},
  year      = {2014},
  month     = {sep},
  number    = {10},
  pages     = {101101},
  volume    = {113},
  doi       = {10.1103/physrevlett.113.101101},
  publisher = {American Physical Society ({APS})},
}

@Article{Ahlers2018,
  author    = {Markus Ahlers and Francis Halzen},
  journal   = {Progress in Particle and Nuclear Physics},
  title     = {Opening a new window onto the universe with {IceCube}},
  year      = {2018},
  month     = {sep},
  pages     = {73--88},
  volume    = {102},
  doi       = {10.1016/j.ppnp.2018.05.001},
  publisher = {Elsevier {BV}},
}

@Article{Reusch2022,
  author    = {Simeon Reusch and Robert Stein and Marek Kowalski and Sjoert van Velzen and Anna Franckowiak and Cecilia Lunardini and Kohta Murase and Walter Winter and James C.{\hspace{0.167em}}A. Miller-Jones and Mansi M. Kasliwal and Marat Gilfanov and Simone Garrappa and Vaidehi S. Paliya and Tom{\'{a}}s Ahumada and Shreya Anand and Cristina Barbarino and Eric C. Bellm and Val{\'{e}}ry Brinnel and Sara Buson and S. Bradley Cenko and Michael W. Coughlin and Kishalay De and Richard Dekany and Sara Frederick and Avishay Gal-Yam and Suvi Gezari and Marcello Giroletti and Matthew J. Graham and Viraj Karambelkar and Shigeo S. Kimura and Albert K.{\hspace{0.167em}}H. Kong and Erik C. Kool and Russ R. Laher and Pavel Medvedev and Jannis Necker and Jakob Nordin and Daniel A. Perley and Mickael Rigault and Ben Rusholme and Steve Schulze and Tassilo Schweyer and Leo P. Singer and Jesper Sollerman and Nora Linn Strotjohann and Rashid Sunyaev and Jakob van Santen and Richard Walters and B. Theodore Zhang and Erez Zimmerman},
  journal   = {Physical Review Letters},
  title     = {Candidate Tidal Disruption Event AT2019fdr Coincident with a High-Energy Neutrino},
  year      = {2022},
  month     = {jun},
  number    = {22},
  pages     = {221101},
  volume    = {128},
  doi       = {10.1103/physrevlett.128.221101},
  publisher = {American Physical Society ({APS})},
}

@Article{Law2009,
  author    = {Nicholas M. Law and Shrinivas R. Kulkarni and Richard G. Dekany and Eran O. Ofek and Robert M. Quimby and Peter E. Nugent and Jason Surace and Carl C. Grillmair and Joshua S. Bloom and Mansi M. Kasliwal and Lars Bildsten and Tim Brown and S. Bradley Cenko and David Ciardi and Ernest Croner and S. George Djorgovski and Julian van Eyken and Alexei V. Filippenko and Derek B. Fox and Avishay Gal-Yam and David Hale and Nouhad Hamam and George Helou and John Henning and D. Andrew Howell and Janet Jacobsen and Russ Laher and Sean Mattingly and Dan McKenna and Andrew Pickles and Dovi Poznanski and Gustavo Rahmer and Arne Rau and Wayne Rosing and Michael Shara and Roger Smith and Dan Starr and Mark Sullivan and Viswa Velur and Richard Walters and Jeff Zolkower},
  journal   = {Publications of the Astronomical Society of the Pacific},
  title     = {The Palomar Transient Factory: System Overview, Performance, and First Results},
  year      = {2009},
  month     = {dec},
  number    = {886},
  pages     = {1395--1408},
  volume    = {121},
  doi       = {10.1086/648598},
  publisher = {{IOP} Publishing},
}

@Article{Harrington1952,
  author    = {R. G. Harrington},
  journal   = {Publications of the Astronomical Society of the Pacific},
  title     = {The 48-inch Schmidt-type Telescope at Palomar Observatory},
  year      = {1952},
  month     = {dec},
  pages     = {275},
  volume    = {64},
  doi       = {10.1086/126494},
  publisher = {{IOP} Publishing},
}

@Article{Pravdo1999,
  author    = {Steven H. Pravdo and David L. Rabinowitz and Eleanor F. Helin and Kenneth J. Lawrence and Raymond J. Bambery and Christopher C. Clark and Steven L. Groom and Steven Levin and Jean Lorre and Stuart B. Shaklan and Paul Kervin and John A. Africano and Paul Sydney and Vicki Soohoo},
  journal   = {The Astronomical Journal},
  title     = {The Near-Earth Asteroid Tracking ({NEAT}) Program: An Automated System for Telescope Control, Wide-Field Imaging, and Object Detection},
  year      = {1999},
  month     = {mar},
  number    = {3},
  pages     = {1616--1633},
  volume    = {117},
  doi       = {10.1086/300769},
  publisher = {American Astronomical Society},
}

@Article{Bellm2016,
  author    = {Eric C. Bellm},
  journal   = {Publications of the Astronomical Society of the Pacific},
  title     = {Volumetric Survey Speed: A Figure of Merit for Transient Surveys},
  year      = {2016},
  month     = {jun},
  number    = {966},
  pages     = {084501},
  volume    = {128},
  doi       = {10.1088/1538-3873/128/966/084501},
  publisher = {{IOP} Publishing},
}

@Article{Blagorodnova2018,
  author    = {Nadejda Blagorodnova and James D. Neill and Richard Walters and Shrinivas R. Kulkarni and Christoffer Fremling and Sagi Ben-Ami and Richard G. Dekany and Jason R. Fucik and Nick Konidaris and Reston Nash and Chow-Choong Ngeow and Eran O. Ofek and Donal O' Sullivan and Robert Quimby and Andreas Ritter and Karl E. Vyhmeister},
  journal   = {Publications of the Astronomical Society of the Pacific},
  title     = {The {SED} Machine: A Robotic Spectrograph for Fast Transient Classification},
  year      = {2018},
  month     = {feb},
  number    = {985},
  pages     = {035003},
  volume    = {130},
  doi       = {10.1088/1538-3873/aaa53f},
  publisher = {{IOP} Publishing},
}

@Article{Schmidt1938,
  author  = {Bernhard Schmidt},
  journal = {Mitteilungen der Hamburger Sternwarte in Bergedorf},
  title   = {Ein lichtstarkes komafreies Spiegelsystem},
  year    = {1938},
}

@InProceedings{Cannon1995,
  author    = {Russel D. Cannon},
  booktitle = {IAU Colloq. 148: The Future Utilisation of Schmidt Telescopes},
  title     = {{Schmidt Telescopes: Their Past, Present and Future}},
  year      = {1995},
  editor    = {{Chapman}, Jessica and {Cannon}, Russell and {Harrison}, Sandra and {Hidayat}, Bambang},
  month     = jan,
  pages     = {8},
  series    = {Astronomical Society of the Pacific Conference Series},
  volume    = {84},
  adsnote   = {Provided by the SAO/NASA Astrophysics Data System},
  adsurl    = {https://ui.adsabs.harvard.edu/abs/1995ASPC...84....8C},
}

@Proceedings{ESA1997,
  title     = {{The HIPPARCOS and TYCHO catalogues. Astrometric and photometric star catalogues derived from the ESA HIPPARCOS Space Astrometry Mission}},
  year      = {1997},
  month     = jan,
  series    = {ESA Special Publication},
  volume    = {1200},
  adsnote   = {Provided by the SAO/NASA Astrophysics Data System},
  adsurl    = {https://ui.adsabs.harvard.edu/abs/1997ESASP1200.....E},
  booktitle = {ESA Special Publication},
  keywords  = {SPACE ASTROMETRY, STAR CATALOGS, POSITIONS, ARTIFICIAL SATELLITES},
}

@Article{Koch2010,
  author    = {David G. Koch and William J. Borucki and Gibor Basri and Natalie M. Batalha and Timothy M. Brown and Douglas Caldwell and J{\o}rgen Christensen-Dalsgaard and William D. Cochran and Edna DeVore and Edward W. Dunham and Thomas N. Gautier and John C. Geary and Ronald L. Gilliland and Alan Gould and Jon Jenkins and Yoji Kondo and David W. Latham and Jack J. Lissauer and Geoffrey Marcy and David Monet and Dimitar Sasselov and Alan Boss and Donald Brownlee and John Caldwell and Andrea K. Dupree and Steve B. Howell and Hans Kjeldsen and S{\o}ren Meibom and David Morrison and Tobias Owen and Harold Reitsema and Jill Tarter and Stephen T. Bryson and Jessie L. Dotson and Paul Gazis and Michael R. Haas and Jeffrey Kolodziejczak and Jason F. Rowe and Jeffrey E. Van Cleve and Christopher Allen and Hema Chandrasekaran and Bruce D. Clarke and Jie Li and Elisa V. Quintana and Peter Tenenbaum and Joseph D. Twicken and Hayley Wu},
  journal   = {The Astrophysical Journal},
  title     = {Kepler Mission Design, Realized Photometric Performance, and Early Science},
  year      = {2010},
  month     = {mar},
  number    = {2},
  pages     = {L79--L86},
  volume    = {713},
  doi       = {10.1088/2041-8205/713/2/l79},
  publisher = {American Astronomical Society},
}

@Article{Zwicky1933,
  author  = {{Zwicky}, Fritz},
  journal = {Helvetica Physica Acta},
  title   = {{Die Rotverschiebung von extragalaktischen Nebeln}},
  year    = {1933},
  month   = jan,
  pages   = {110-127},
  volume  = {6},
  adsnote = {Provided by the SAO/NASA Astrophysics Data System},
  adsurl  = {https://ui.adsabs.harvard.edu/abs/1933AcHPh...6..110Z},
}

@Article{Baade1934,
  author    = {W. Baade and F. Zwicky},
  journal   = {Proceedings of the National Academy of Sciences},
  title     = {On Super-Novae},
  year      = {1934},
  month     = {may},
  number    = {5},
  pages     = {254--259},
  volume    = {20},
  doi       = {10.1073/pnas.20.5.254},
  publisher = {Proceedings of the National Academy of Sciences},
}

@InProceedings{Dekany2016,
  author    = {Richard Dekany and Roger M. Smith and Justin Belicki and Alexandre Delacroix and Gina Duggan and Michael Feeney and David Hale and Stephen Kaye and Jennifer Milburn and Patrick Murphy and Michael Porter and Daniel J. Reiley and Reed L. Riddle and Hector Rodriguez and Eric C. Bellm},
  booktitle = {{SPIE} Proceedings},
  title     = {The Zwicky Transient Facility Camera},
  year      = {2016},
  editor    = {Christopher J. Evans and Luc Simard and Hideki Takami},
  month     = {aug},
  publisher = {{SPIE}},
  doi       = {10.1117/12.2234558},
}

@Article{Bellm2018,
  author    = {Eric C. Bellm and Shrinivas R. Kulkarni and Matthew J. Graham and Richard Dekany and Roger M. Smith and Reed Riddle and Frank J. Masci and George Helou and Thomas A. Prince and Scott M. Adams and C. Barbarino and Tom Barlow and James Bauer and Ron Beck and Justin Belicki and Rahul Biswas and Nadejda Blagorodnova and Dennis Bodewits and Bryce Bolin and Valery Brinnel and Tim Brooke and Brian Bue and Mattia Bulla and Rick Burruss and S. Bradley Cenko and Chan-Kao Chang and Andrew Connolly and Michael Coughlin and John Cromer and Virginia Cunningham and Kishalay De and Alex Delacroix and Vandana Desai and Dmitry A. Duev and Gwendolyn Eadie and Tony L. Farnham and Michael Feeney and Ulrich Feindt and David Flynn and Anna Franckowiak and S. Frederick and C. Fremling and Avishay Gal-Yam and Suvi Gezari and Matteo Giomi and Daniel A. Goldstein and V. Zach Golkhou and Ariel Goobar and Steven Groom and Eugean Hacopians and David Hale and John Henning and Anna Y. Q. Ho and David Hover and Justin Howell and Tiara Hung and Daniela Huppenkothen and David Imel and Wing-Huen Ip and {\v{Z}}eljko Ivezi{\'{c}} and Edward Jackson and Lynne Jones and Mario Juric and Mansi M. Kasliwal and S. Kaspi and Stephen Kaye and Michael S. P. Kelley and Marek Kowalski and Emily Kramer and Thomas Kupfer and Walter Landry and Russ R. Laher and Chien-De Lee and Hsing Wen Lin and Zhong-Yi Lin and Ragnhild Lunnan and Matteo Giomi and Ashish Mahabal and Peter Mao and Adam A. Miller and Serge Monkewitz and Patrick Murphy and Chow-Choong Ngeow and Jakob Nordin and Peter Nugent and Eran Ofek and Maria T. Patterson and Bryan Penprase and Michael Porter and Ludwig Rauch and Umaa Rebbapragada and Dan Reiley and Mickael Rigault and Hector Rodriguez and Jan van Roestel and Ben Rusholme and Jakob van Santen and S. Schulze and David L. Shupe and Leo P. Singer and Maayane T. Soumagnac and Robert Stein and Jason Surace and Jesper Sollerman and Paula Szkody and F. Taddia and Scott Terek and Angela Van Sistine and Sjoert van Velzen and W. Thomas Vestrand and Richard Walters and Charlotte Ward and Quan-Zhi Ye and Po-Chieh Yu and Lin Yan and Jeffry Zolkower},
  journal   = {Publications of the Astronomical Society of the Pacific},
  title     = {The Zwicky Transient Facility: System Overview, Performance, and First Results},
  year      = {2018},
  month     = {dec},
  number    = {995},
  pages     = {018002},
  volume    = {131},
  doi       = {10.1088/1538-3873/aaecbe},
  publisher = {{IOP} Publishing},
}

@Comment{jabref-meta: databaseType:bibtex;}
